<?xml version="1.0" encoding="UTF-8"?><record xmlns="http://www.loc.gov/MARC21/slim" xmlns:cinclude="http://apache.org/cocoon/include/1.0" xmlns:zs="http://www.loc.gov/zing/srw/">
  <leader>00555nz  a2200145n  4500</leader>
  <controlfield tag="001">no2014012159</controlfield>
  <controlfield tag="003">DLC</controlfield>
  <controlfield tag="005">20140130073537.0</controlfield>
  <controlfield tag="008">140129n| azannaabn          |n aaa     c</controlfield>
  <datafield tag="010" ind1=" " ind2=" ">
    <subfield code="a">no2014012159</subfield>
  </datafield>
  <datafield tag="035" ind1=" " ind2=" ">
    <subfield code="a">(OCoLC)oca09669097</subfield>
  </datafield>
  <datafield tag="040" ind1=" " ind2=" ">
    <subfield code="a">MiFliG</subfield>
    <subfield code="b">eng</subfield>
    <subfield code="e">rda</subfield>
    <subfield code="c">MiFliG</subfield>
  </datafield>
  <datafield tag="100" ind1="1" ind2=" ">
    <subfield code="a">Ciemochowski, M. F.</subfield>
  </datafield>
  <datafield tag="373" ind1=" " ind2=" ">
    <subfield code="a">Industrial Division, Holley Carburetor Company</subfield>
  </datafield>
  <datafield tag="670" ind1=" " ind2=" ">
    <subfield code="a">Highway, bridge, and airport runway detection system predicts frost and ice conditions before they occur, 1968:</subfield>
    <subfield code="b">t.p. (M.F. Ciemochowski, Industrial Division, Holley Carburetor Company)</subfield>
  </datafield>
</record>